@article{Astrom,
  author =       "{Karl Johan \r{A}str\"{o}m}, Rodney D. Bell",
  title =        "Drum-Boiler Dynamics",
  journal =      "TFRT",
  volume =       "7577",
  year =         "1998",
  DOI =          "http://portal.research.lu.se/portal/en/publications/drumboiler-dynamics(858b3cd4-27fd-4164-8155-db71d3fff137).html"
}

@article{Iacob,
  author =       "Mihai Iacob, Gheorghe-Daniel Andreescu",
  title =        "Drum-Boiler Control System Employing Shrink and Swell Effect Remission in Thermal Power Plants",
  journal =      "3rd International Congress on Ultra Modern Telecommunications and Control Systems and Workshops (ICUMT)",
  year =         "2011",
}

@misc{spiraxsarcoWebsite,
    author    = "Spirax Sarco Limited",
    title     = "Learn About Steam: The Boiler House",
    url       = "https://beta.spiraxsarco.com/learn-about-steam/the-boiler-house/water-tube-boilers"
}

@misc{controlguruWebsite,
    author    = "Allen D. Houtz",
    title     = "Cascade, Feed Forward and Three-Element Control",
    url       = "http://controlguru.com/cascade-feed-forward-and-boiler-level-control/"
}

@book{Wang,
    author    = "Liuping Wang",
    title     = "Model Predictive Control System Design and Implementation Using MATLAB",
    year      = "2009",
    publisher = "Springer-Verlag London Limited",
    address   = "London, England"
}

@misc{IacobEmail,
    author    = "Mihai Iacob",
    title     = "Re: LinkedIn Followup Message To Robert A. Borzellieri",
    year      = "March 19, 2018"
}

@article{Panwar,
  author =       "P. Panwar, S. Mukhopadhyay, T.U. Bhatt and A.P. Tiwari",
  title =        "Design of Decentralized PI and LQR Controllers for Level and Pressure Regulation of Steam Drum of Advanced Heavy Water Reactor",
  journal =      "Indian Control Conference (ICC)",
  year =         "2018",
  DOI =          "IIT Kanpur, India"
} %  Use in LQR or 3 Element control info. 

@article{Yonghong,
  author =       "Yonghong Huang, Nianping Li, Yangchun Shil, Yixun Yil",
  title =        "Genetic Adaptive Control for Drum Level of a Power Plant Boiler",
  journal =      "IMACS Multiconference on Computational Engineering in Systems Applications(CESA)",
  year =         "2006",
  DOI =          "Beijing, China"
}

@misc{crossco,
    author    = "Chris Hardy",
    title     =  "Process Control Integration Blog: Three Element Drum Level Control",
    url       = "https://www.crossco.com/blog/three-element-drum-level-control"
}

@article{Korayem,
  author =       "M.H.Korayem, S.R.Nekoo",
  title =        "Finite-time state-dependent Riccati equation for time-varying nonaffine systems: Rigid and flexible joint manipulator control",
  journal =      "ISA Transactions",
  volume =       "54",
  year =         "January 2015",
  pages =        "125-144",
  DOI =          "https://ac-els-cdn-com.libproxy.temple.edu/S0019057814001268/1-s2.0-S0019057814001268-main.pdf?_tid=fe049522-ada0-4187-ad8b-4411fe3bf75d&acdnat=1539568348_aa431eef8ff6d9743feeae876ede3752"
}

@article{Botelho,
  author =       "Viviane Rodrigues Botelho, Jorge Otávio Trierweiler, Marcelo Farenzena, Luis Gustavo S. Longhi, Antônio Carlos Zanin, Herbert Campos G.Teixeira, Ricardo Guilherme Duraiski",
  title =        "Model assessment of MPCs with control ranges: An industrial application in a delayed coking unit",
  journal =      "Control Engineering Practice",
  volume =       "84",
  year =         "March 2019",
  pages =        "261-273",
  DOI =          "https://www-sciencedirect-com.libproxy.temple.edu/science/article/pii/S0967066118306841"
}

@article{Song,
  author =       "Yan Song, Kaiqun Zhu, Guoliang Wei, Jianhua Wang",
  title =        "Distributed MPC-based adaptive control for linear systems with unknown parameters",
  journal =      "Journal of the Franklin Institute",
  volume =       "356",
  year =         "March 2019",
  pages =        "2606-2624",
  DOI =          "https://www-sciencedirect-com.libproxy.temple.edu/science/article/pii/S0016003219300614"
}

@article{Ghosh,
  author =       "Sambit Ghosh, B. Wayne Bequette",
  title =        "A Framework for the Control Room of the Future: Human-in-the-loop MPC",
  journal =      "IFAC-PapersOnLine",
  volume =       "51.34",
  year =         " 2019",
  pages =        "252-257",
  DOI =          "https://www-sciencedirect-com.libproxy.temple.edu/science/article/pii/S240589631930045X"
}

@article{Forbes,
  author =       "Michael G. Forbes, Rohit S. Patwardhan, Hamza Hamadah, R. Bhushan Gopaluni",
  title =        "Model Predictive Control in Industry: Challenges and Opportunities",
  journal =      "IFAC-PapersOnLine",
  volume =       "48.8",
  year =         "2015",
  pages =        "531-538",
  DOI =          "https://www-sciencedirect-com.libproxy.temple.edu/science/article/pii/S2405896315011039"
}

@article{Saltık,
  author =       "M. Bahadır Saltık, Leyla Özkan, Jobert H. A.Ludlage, Siep Weiland, Paul M. J.Van den Hof",
  title =        "Model Predictive Control in Industry: Challenges and Opportunities",
  journal =      "Journal of Process Control",
  volume =       "61",
  year =         "January 2018",
  pages =        "77-102",
  DOI =          "https://www-sciencedirect-com.libproxy.temple.edu/science/article/pii/S0959152417301968"
}

@article{Zang,
  author =       "Hao Zang, Hongguang Li, Jingwen Huang, Jia Wang",
  title =        "A Composite Model Predictive Control Strategy for Furnaces",
  journal =      "Chinese Journal of Chemical Engineering",
  volume =       "22.7",
  year =         "July 2014",
  pages =        "788-794",
  DOI =          "https://ac-els-cdn-com.libproxy.temple.edu/S1004954114000226/1-s2.0-S1004954114000226-main.pdf?_tid=bff264c9-de89-4220-8fb5-6e14052f7c40&acdnat=1553004743_41f2bf57c01f56dff432097cd024be74"
}

% https://math.stackexchange.com/questions/2558102/lqr-controller-for-a-nonlinear-system-how-to-split-the-ss-model-as-a-and-b-mat

% https://www.youtube.com/watch?v=py4ZFnMfu5E&feature=youtu.be

% https://blogs.mathworks.com/racing-lounge/